@misc{statistics,

title = {The 2021 Food Systems Summit},
author ={{United Nations}},
year={2020},
note = {\url{https://www.un.org/en/food-systems-summit}},
},

@misc{food_equity,
Title = {Cultivating Food Equity},
author = {{University at Buffalo}},
howpublished = {\url{http://www.buffalo.edu/globalhealthequity/global-projects/foodequity}}
},

@misc{Wiki_foodsystem,
title = {Food System},
author = {{Wikipedia}},
note = {\url{https://en.wikipedia.org/wiki/Food_system}}
},

@article{AHPjudge,
  title={Determining key agricultural strategic factors using AHP-MICMAC},
  author={{Ali Akbar Barati, Hossein Azadi, Milad Dehghani Pour, Philippe Lebailly, Mostafa Qafori}},
  journal={Sustainability},
  volume={11},
  number={14},
  pages={3947},
  year={2019},
  publisher={Multidisciplinary Digital Publishing Institute}
}

 
@misc{hunger_index,
Title = {Prevalence of undernourishment},
author = {{FAO}},
howpublished = {\url{http://www.fao.org/sustainable-development-goals/indicators/211/en/}}
},

@misc{insecurity_index,
Title = {Prevalence of moderate or severe food insecurity in the population},
author = {{FAO}},
howpublished = {\url{http://www.fao.org/sustainable-development-goals/indicators/212/en/}}
},

@misc{price,
Title = {Producer Prices},
author = {{FAO}},
note = {\url{http://www.fao.org/faostat/zh/#data/PP}}
}

@misc{forest,
Title = {Progress towards sustainable forest management},
author = {{FAO}},
howpublished = {\url{http://www.fao.org/sustainable-development-goals/indicators/1521/en/}}
}

@misc{water,
Title = {Level of water stress},
author = {{FAO}},
howpublished ={\url{http://www.fao.org/sustainable-development-goals/indicators/642/en/}}
}

@ misc{AHP,
  title={Developing an ethics-based approach to indicators of sustainable agriculture using analytic hierarchy process (AHP)},
  author={{Hadi Veisi, Houman Liaghati, Ali Alipour}},
  journal={Ecological Indicators},
  volume={60},
  pages={644--654},
  year={2016},
  publisher={Elsevier}
  }
 
@misc{pdf,
author={{FAO, IFAD, UNICEF, WFP and WHO}},
title={The State of Food Security and Nutrition in the World 2020},
howpublished={Rome, FAO},
year={2020},
note={\url{https://doi.org/10.4060/ca9692en}} 
}
 
@article{covid,
  title={COVID-19 risks to global food security},
  author={{David Laborde, Will Martin, Johan Swinnen, Rob Vos}},
  journal={Science},
  volume={369},
  number={6503},
  pages={500--502},
  year={2020},
  publisher={American Association for the Advancement of Science}
},
  
  
  @article{reilly2010managing,
  title={Managing uncertainty: a review of food system scenario analysis and modelling},
  author={{Michael Reilly, Dirk Willenbockel}},
  journal={Philosophical Transactions of the Royal Society B: Biological Sciences},
  volume={365},
  number={1554},
  pages={3049--3063},
  year={2010},
  publisher={The Royal Society}
},

@article{fresco2009challenges,
  title={Challenges for food system adaptation today and tomorrow},
  author={{Louise O. Fresco}},
  journal={Environmental science \& policy},
  volume={12},
  number={4},
  pages={378--385},
  year={2009},
  publisher={Elsevier}
},

@article{covid-19,
  title={A call to action to address COVID-19--induced global food insecurity to prevent hunger, malnutrition, and eating pathology},
  author={{Georgios Paslakis, Gina Dimitropoulos, Debra K. Katzman}},
  journal={Nutrition reviews},
  volume={79},
  number={1},
  pages={114--116},
  year={2021},
  publisher={Oxford University Press}
},
@article{fii,
  title={World food security: prospects and trends},
  author={{Robert S. Chen, Robert W. Kates}},
  journal={Food Policy},
  volume={19},
  number={2},
  pages={192--208},
  year={1994},
  publisher={Elsevier}
},
@article{loss,
  title={Losses, inefficiencies and waste in the global food system},
  author={{ Peter Alexander, Calum Brown, Almut Arneth, John Finnigan, Dominic Moran, Mark D.A. Rounsevell}},
  journal={Agricultural systems},
  volume={153},
  pages={190--200},
  year={2017},
  publisher={Elsevier}
}